%%%%%%%%%%%%%%%%%%%%%%%%%%%%%%% ARTICLES %%%%%%%%%%%%%%%%%%%%%%%%%%%%%%%%%%%%%%

@ARTICLE{Uskov_PPS,
	author = {А.~А. Усков and И.~В. Сургучева and А.~М. Горбунов},
  	title = {Анализ систем обработки информации и управления с помощью групповых нечётких чисел},
	journal = {Программные продукты и системы},
  	year = {2009},
  	number = {3},
 	pages = {1209--1214},
  	language = {russian}
}

@ARTICLE{Uskov_Complex,
	author = {А.~А. Усков and И.~А. Киселев},
	title = {Комплексный и матричный методы выполнения арифметических операций над нечёткими числами},
	journal = {Управление большими системами},
	year = {2012},
	volume = {40},
	pages = {96--107},
	language = {russian}
}

@ARTICLE{Uskov_Quaternion,
	author = {А.~А. Усков and И.~А. Киселев},
	title = {Связь арифметики нечётких чисел с арифметикой кватернионов и её применение при анализе систем управления},
	journal = {Управление большими системами},
	year = {2014},
	volume = {48},
	pages = {59--70},
	language = {russian}
}

@ARTICLE{Uskov_FCPM,
	author = {А.~А. Усков},
	title = {Сетевой график с продолжительностями работ в виде нечётких чисел LR--типа},
	journal = {Управление большими системами},
	year = {2014},
	volume = {47},
	pages = {6--17},
	language = {russian}
}

@Article{Vorontsov_PI,
	author = {Я.~А. Воронцов and М.~Г. Матвеев},
	title = {Алгебраические операции с нечеткими LR-числами с использованием преобразования L},
	journal = {Программная инженерия},
	year = {2014},
	number = {8},
	pages = {23--29},
	language = {russian}
}

@Article{Vorontsov_Compare,
	author = {Я.~А. Воронцов and М.~Г. Матвеев},
	title = {Методы параметризованного сравнения нечётких треугольных и трапециевидных чисел},
	journal = {Вестник ВГУ, серия <<Системный анализ и информационные технологии>>},
	year = {2014},
	number = {2},
	pages = {90--97},
	language = {russian}
}

@Article{Kanischeva,
	author = {Я.~А. Воронцов and М.~Г. Матвеев and О.~И. Канищева},
	title = {Aрифметические операции над двухкомпонентными нечёткими числами},
	journal = {Вестник ВГУ, серия <<Системный анализ и информационные технологии>>},
	year = {2014},
	number = {2},
	pages = {75--82},
	language = {russian}
}

@Article{Vorontsov_VSTU,
	author = {Я.~А. Воронцов and М.~Г. Матвеев},
	title = {Устойчивость решения в задаче о критическом пути с нечёткими параметрами},
	journal = {Вестник ВГТУ},
	year = {2014},
	number = {7},
	pages = {90--97},
	language = {russian}
}

@Article{Lebedev,
	author = {Г.~Н. Лебедев and О.~И. Канищева and М.~Г. Матвеев and М.~Е. Семёнов},
	title = {Методы решения задач управления предприятием в условиях расплывчатой неопределённости},
	journal = {Вестник ВГУ, серия: Системный анализ и информационные технологии},
	year = {2012},
	number = {1},
	pages = {102--106},
	language = {russian}
}

@Article{Sokolov,
	author = {А. М. Соколов},
	title = {Методы и алгоритмы нечёткого моделирования механических систем},
	journal = {Информационные технологии},
	number = {3},
	year = {2007},
	pages = {13--20},
	language = {russian}
}

@Article{Evdokimov,
	author = {А. В. Евдокимов},
	title = {Метод нечёткой линеаризации для численного решения алгебраических и дифференциальных уравнений},
	journal = {Электронный журнал <<Исследовано в России>>},
	volume = {6},
	year = {2003},
	pages = {2042--2058},
	url = {http://www.sci-journal.ru/articles/2003/168.pdf},
	urldate = {2014-12-15},
	language = {russian}
}

@Article{Levin,
	author = {В. И. Левин},
	title = {Интервальная математика и изучение неопределённых систем},
	journal = {Наука и образование: электронное научно-техническое издание},
	year = {2005},
	number = {5},
	url = {http://technomag.bmstu.ru/doc/51334.html},
	urldate = {2014-12-15},
	language = {russian}
}

@Article{Chanas_Zielinski_Criticality,
	author = {S. Chanas and D. Dubois and P. Zielinski},
	title = {On the Sure Criticality of Tasks in Activity Networks With Imprecise Duration},
	journal = {IEEE Transactions on systems, Man and Cybernetics – Part B: Cybernetics},
	year = {2002},
	volume = {32},
	number = {4},
	pages = {393--407},
	language = {english}
}

@Article{Chanas_Zielinski_FCPM,
	author = {S. Chanas and P. Zielinski},
	title = {Critical path analysis in the network with fuzzy activity times},
	journal = {Fuzzy sets and systems},
	year = {2001},
	volume = {122},
	pages = {195--204},
	language = {english}
}

@Article{Yager_Arithmetics,
	author = {R. R. Yager},
	title = {On the lack of inverses in fuzzy arithmetic},
	journal = {Fuzzy sets and systems},
	year = {1980},
	volume = {4},
	number = {1},
	language = {english}
}

@Article{Egyptians,
	author = {M. F. El-Santawy and S. M. Abd-Allah},
	title = {The longest Path Problem in Fuzzy Project Networks: A Case Study},
	journal = {Gen. Math. Notes},
	year = {2011},
	volume = {3},
	number = {2},
	pages = {97--107},
	language = {english}
}

@Article{Indians_CPM,
	author = {N. Ravi Shankar and V. Sireesha},
	title = {Using Modified Dijkstra’s Algorithm for Critical Path method in a Project Network},
	journal = {International Journal of Computational and Applied Mathematics},
	year = {2010},
	volume = {5},
	number = {2},
	pages = {217--225},
	language = {english}
}

@Article{Indians_FCPM,
	author = {K. Usha Maduri and B. Pardha Saradhi and N. Ravi Shankar},
	title = {Fuzzy Linear Programming Model for Critical Path Analysis},
	journal = {International Journal of Contemp. Math. Sciences},
	year = {2013},
	volume = {8},
	pages = {93--116},
	language = {english}
}

@Article{Indians_Fuzzy_Arithmetics_Study,
	author = {P. Dutta and H. Boruah and T. Ali},
	title = {Fuzzy arithmetic with and without using alpha-cut method: A Comparative study},
	journal = {International Journal of Latest trends in Computing},
	year = {2011},
	volume = {2},
	language = {english}
}

@Article{Zadeh_Classic,
	author = {L. A. Zadeh},
	title = {Fuzzy sets},
	journal = {Information and control},
	year = {1965},
	number = {8},
	pages = {338--353},
	language = {english}
}

@Article{Cheng_Comparison,
    author = {P.-T. Chang and E.S. Lee},
    title = {Ranking of Fuzzy Sets Based on the Concept of Existence},
    journal = {Computers and mathematics with applications},
    publisher = {Elsevier},
    year = {1994},
    volume = {27},
    pages = {1--21},
    language = {english}
}

@Article{Centroid,
    author = {P. P. B. Rao and N. R. Shankar},
    title = {Ranking generalized fuzzy numbers using area, mode, spreads and weight},
    journal = {International Journal of Applied Science and Engineering},
    year = {2012},
    number = {10},
    volume = {1},
    pages = {41--57},
    language = {english}
}

@Article{Detyniecki_Yager,
    author = {M. Detyniecki and R. R. Yager},
    title = {Ranking fuzzy numbers using alpha-weighted valuations},
    journal = {International Journal of Uncertainty, Fuzziness and Knowledge-Based Systems},
    year = {2001},
    volume = {8(5)},
    pages = {573--592},
    language = {english}
}

@Article{Iran_Railways,
    author = {K. Ghoesiri and A. R. J. Moghadam},
    title = {Continuous fuzzy longest path problem in project networks},
    journal = {Journal of Applied Sciences},
    year = {2008},
    volume = {8(22)},
    pages = {4061--4069},
    language = {english}
}

@Article{Kumar_Optimal_FCPM,
    author = {A. Kumar and P. Kaur},
    title = {Exact optimal solution of fuzzy critical path problems},
    journal = {Applications and Applied Mathematics: An International Journal},
    year = {2011},
    volume = {6},
    pages = {251--267},
    language = {english}
}

@Article{Kumar_FCPM_Triangular,
    author = {A. Kumar and P. Kaur},
    title = {A New Method for Fuzzy Critical Path Analysis in Project Networks with a New Representation of Triangular Fuzzy Numbers},
    journal = {Applications and Applied Mathematics: An International Journal},
    volume = {5},
    year = {2010},
    pages = {345--369},
    language = {english}
}

@Article{Chinese_CPM,
    author = {S. P. Chen and Y. J. Hsueh},
    title = {A simple approach to fuzzy critical path analysis in project networks},
    journal = {Applied Mathematical Modeling},
    year = {2008},
    volume = {32},
    pages = {1289--1297},
    language = {english}
}

@Article{Chen_CPM,
    author = {S. P. Chen},
    title = {Analysis of critical paths in a project network with fuzzy activity times},
    journal = {European Journal of Operational Research},
    year = {2007},
    number = {183},
    volume = {1},
    pages = {442--459},
    language = {english}
}

@Article{Liang_Han_FCPM,
    author = {G. S. Liang and T. C. Han},
    title = {Fuzzy Critical Path for Project Network},
    journal = {Information and Management Sciences},
    year = {2004},
    number = {4},
    volume = {15},
    pages = {29--40},
    language = {english}
}

@Article{Elizabeth_FCPM,
    author = {S. Elizabeth and L. Sujatha},
    title = {Fuzzy critical path problem for project network},
    journal = {International Journal of Pure and Applied Mathematics},
    year = {2013},
    number = {2},
    volume = {85},
    pages = {223--240},
    language = {english}
}

@Article{FCPA_Ravi_Shankar,
    author = {N. Ravi Shankar and V. Sireesha and P. Phani Bushan Rao},
    title = {Critical Path Analysis in the Fuzzy Project Network},
    journal = {Advances in Fuzzy Mathematics},
    year = {2010},
    number = {3},
    volume = {5},
    pages = {285--294},
    language = {english}
}

@Article{Iran_Morovatdar,
    author = {R. Morovatdar and A. Aghaie and S. Haji Yakhchali},
    title = {Fuzzy Network Analysis for Projects with High Level of Risks – Uncertainty in Time and Structure},
    journal = {International Journal of Industrial Engineering and Production Research},
    year = {2011},
    number = {1},
    volume = {22},
    pages = {73--82},
    language = {english}
}

@Article{Bangladesh,
    author = {T. Akther and S. Uddin Ahmad},
    title = {A computational method for fuzzy arithmetic operations},
    journal = {Daffodil International university journal of science and technology},
    year = {2009},
    volume = {4},
    pages = {18--22},
    language = {english}
}

@Article{McCahon_Lee,
    author = {C. S. McCahon and E. S. Lee},
    title = {Project network analysis with fuzzy activity times},
    journal = {Computers and Mathematics with Applications},
    year = {1988},
    volume = {15},
    number = {10},
    pages = {829--838},
    language = {english}
}

%%% http://elibrary.ru/item.asp?id=20356454
@Article{Matveev_Fuzzy_LP,
    author = {М. Г. Матвеев},
    title = {Решение задачи линейного программирования с нечёткими параметрами},
    journal = {Современная экономика: проблемы и решения},
    year = {2012},
    number = {1},
    pages = {170--179},
    language = {russian},
}

@Article{Matveev_Starodubtsev,
    author = {М. А. Артёмов and М. Г. Матвеев and И. Ю. Стародубцев},
    title = {Исследование задачи линейного программирования с~нечёткими параметрами},
    journal = {Вестник Воронежского государственного технического университета},
    year = {2011},
    number = {12.1},
    pages = {39--42},
    language = {russian}
}

@Article{Melkumova_Vestnik,
    author = {Е. М. Мелькумова},
    title = {О решении некоторых задач нечеткого математического программирования},
    journal = {Вестник ВГУ, серия <<Системный анализ и информационные технологии>>},
    year = {2009},
    number = {2},
    pages = {19--24},
    language = {russian},
}

%%% http://elibrary.ru/item.asp?id=9440881
@Article{Barkalov,
    author = {С. А. Баркалов and А. М. Котенко and И. В. Фёдорова},
    title = {Задача календарного планирования с ограниченными ресурсами при нечётких продолжительностях работ},
    journal = {Системы управления и информационные технологии},
    year = {2005},
    number = {4},
    volume = {21},
    pages = {37--40},
    language = {russian}
}

@Article{Fuzzy_Lattices,
    author = {B. K. Tripathy, M. K. Satapathy and P. K. Choudhury},
    title = {Intuitionistic Fuzzy Lattices and Intuitionistic Fuzzy Boolean Algebras},
    journal = {International Journal of Engineering and Technology},
    year = {2013},
    volume = {5},
    number = {3},
    pages = {2352--2361},
    language = {english}
}

@Article{Fuzzy_Fields,
    author = {S. Nanda},
    title = {Fuzzy algebras over fuzzy fields},
    journal = {Fuzzy Sets and Systems},
    year = {1990},
    volume = {37},
    number = {1},
    pages = {99--103},
    language = {english}
}

@Article{Fuzzy_Fields_Revised,
    author = {W. Gu and T. Lu},
    title = {Fuzzy algebras over fuzzy fields redefined},
    journal = {Fuzzy Sets and Systems},
    year = {1993},
    volume = {53},
    number = {1},
    pages = {105--107},
    language = {english}
}

@Article{Koroteev_Fuzzy_Arithmetics,
    author = {М. В. Коротеев},
    title = {Разработка арифметики нечётких чисел в общей форме},
    journal = {Известия Волгоградского государственного технического университета},
    year = {2012},
    volume = {4},
    number = {13},
    pages = {122--127},
    language = {russian}
}

@Article{Axioms_Fuzzy_Algebra,
    author = {J. Drewniak},
    title = {Axiomatic systems in fuzzy algebra},
    journal = {Acta Cybernetica},
    year = {1981},
    volume = {5},
    number = {2},
    pages = {191--206},
    language = {english}    
}

@Article{Rosenfeld_Algebras,
    author = {A. Rosenfeld},
    title = {Fuzzy Groups},
    journal = {Journal of mathematical analysis and applications},
    year = {1971},
    volume = {35},
    pages = {512--517},
    language = {english}
}

@Article{Gallyamov,
    author = {Е. Р. Галлямов and В. И. Ухоботов},
    title = {Компьютерная реализация операций с нечёткими числами},
    journal = {Вестник Южно-Уральского государственного университета. Серия: Вычислительная математика и информатика},
    year = {2014},
    volume = {3},
    number = {3},
    pages = {97--108},
    language = {russian}
}

@Article{Kruglov_Balashov,
    author = {О. В. Балашов and В. В. Круглов},
    title = {Программная реализация бинарных арифметических операций над нечёткими числами},
    journal = {Программные продукты и системы},
    year = {2009},
    number = {2},
    pages = {121--122},
    language = {russian}
}

@Article{Novak,
    author = {V. Novak},
    title = {EQ-algebra-based Fuzzy Type Theory and Its Extensions},
    journal = {Logic Journal of the IGPL},
    year = {2011},
    url = {http://irafm.osu.cz/research_report/146_rep128.pdf},
    urldate = {2015-01-04},
    language = {english}    
}

@Article{Fedorova_FCPM_IPU,
    author = {И. В. Фёдорова},
    title = {Вычисления нечёткого критического пути},
    journal = {Управление большими системами},
    year = {2004},
    number = {7},
    pages = {93--100},
    language = {russian}
}

@Article{Yager_Filev,
    author = {D. P. Filev and R. R. Yager},
    title = {Operations on fuzzy numbers via fuzzy reasoning},
    journal = {Fuzzy Sets and Systems},
    year = {1997},
    number = {2},
    volume = {91},
    pages = {137--142},
    language = {english}
}

@Article{Skorokhod,
    author = {С. В. Скороход},
    title = {Анализ индексов ранжирования нечётких чисел треугольного вида},
    journal = {Известия ЮФУ. Технические науки},
    year = {2010},
    number = {5},
    volume = {106},
    pages = {91--95},
    language = {russian}
}

@Article{Ledeneva_VSTU_Comparison,
    author = {Т. М. Леденёва and Д. А. Черменев and С. С. Жданова},
    title = {Параметрический метод сравнения нечётких чисел},
    journal = {Вестник Воронежского государственного технического университета},
    year = {2010},
    number = {6},
    volume = {6},
    pages = {62--66},
    language = {russian}
}

@Article{Ledeneva_Nguen,
    author = {Н. Х. Нгуен and Т. М. Леденёва},
    title = {О вычислении функции подобия для нечётких чисел},
    journal = {Научно-теоретический журнал <<Вестник БТГУ им. В. Г. Шухова>>},
    year = {2011},
    number = {4},
    pages = {177--182},
    language = {russian}
}

@Article{Ukhobotov_Comparison,
    author = {В. И. Ухоботов and П. В. Щичко},
    title = {Об одном подходе к сравнению нечётких чисел},
    journal = {Вестник ЮУрГУ},
    year = {2011},
    number = {37 (254)},
    pages = {54--62},
    language = {russian}
}

%%%%%%%%%%%%%%%%%%%%%%%%%%%%%%% BOOKS %%%%%%%%%%%%%%%%%%%%%%%%%%%%%%%%%%%%%%

@BOOK{Borisov_Alexeev_Msk,
  	author       = {А. Н. Борисов and А. В. Алексеев and Г .В. Меркурьева},
	title        = {Обработка нечёткой информации в системах принятия решений},
  	publisher    = {Радио и связь},
  	address      = {М.},
  	year         = {1989},
  	pages        = {304},
  	language     = {russian},
}

@BOOK{Borisov_Krumberg_Riga,
	author = {А. Н. Борисов and О. А. Крумберг and И. П. Федоров},
	title = {Принятие решений на основе нечётких моделей: примеры использования},
	publisher = {Зинатне},
	address = {Рига},
	year = {1990},
	pages = {184},
	language = {russian}
}

@BOOK{Borisov_Fedulov,
	author = {В. В. Борисов and В. В. Круглов and А. С. Федулов},
	title = {Нечёткие модели и сети},
	edition = {2-е},
	publisher = {Горячая линия – Телеком},
	address = {М.},
	year = {2012},
	pages = {284},
	language = {russian}
}

@BOOK{Gubko,
	author = {М. В. Губко},
	title = {Лекции по принятию решений в условиях нечеткой информации},
	address = {М.},
	publisher = {ИПУ РАН},
	year = {2004},
	pages = {38},
	language = {russian}
}

@BOOK{Rutkovskaya,
	author = {Д. Рутковская and М. Пилиньский and Л. Рутковский},
	title = {Нейронные сети, генетические алгоритмы и нечёткие системы: пер. с польск. И.Д. Рудинского},
	publisher = {Горячая линия – Телеком},
	address = {М.},
	year = {2006},
	pages = {452},
	language = {russian}
}

@BOOK{Kaufmann,
	author = {А. Кофман},
	title = {Введение в теорию нечётких множеств: пер. с франц.},
	publisher = {Радио и связь},
	address = {Москва},
	year = {1982},
	pages = {432},
	language = {russian}
}

@BOOK{Orlovskiy,
	author = {С. А. Орловский},
	title = {Проблемы принятия решений при нечёткой исходной информации},
	publisher = {Наука. Главная редакция физико-математической литературы},
	address = {М.},
	year = {1981},
	pages = {208},
	language = {russian}
}

@BOOK{Yakhyaeva,
	author = {Г. Э. Яхъяева},
	title = {Нечёткие множества и нейронные сети: учебное пособие},
	address = {М.},
	publisher = {Интернет-Университет Информационных Технологий and БИНОМ. Лаборатория знаний},
	year = {2006},
	pages = {316},
	language = {russian}
}

@BOOK{Altunin_Semukhin,
	author = {А. Е. Алтунин and М. В. Семухин},
	title = {Модели и алгоритмы принятия решений в нечётких условиях},
	address = {Тюмень},
	publisher = {изд-во Тюменского государственного университета},
	year = {2000},
	language = {russian}
}

@BOOK{Adelson_Velskiy,
	author = {О. П. Кузнецов and Г. М. Адельсон-Вельский},
	title = {Дискретная математика для инженера},
	edition = {2-е},
	address = {М.},
	publisher = {Энергоатомиздат},
	year = {1988},
	pages = {480},
	language = {russian}	
}

@BOOK{Taha_Operation_Research,
	author = {Х. А. Таха},
	title = {Введение в исследование операций},
	edition = {7-е},
	address = {М.},
	publisher = {Издательский дом <<Вильямс>>},
	year = {2005},
	pages = {912},
	language = {russian}		
}

@BOOK{Kosorukov_Mischenko,
	author = {О.~А. Косоруков and А.~В. Мищенко},
	title = {Исследование операций: учебник},
	editor = {д.э.н., проф. Н.~П. Тихомирова},
	address = {М.},
	publisher = {Издательство <<Экзамен>>},
	year = {2003},
	pages = {448},
	language = {russian}
}

@BOOK{Eddous,
	author = {М. Эддоус and Р. Стэнсфилд},
	title = {Методы принятия решений: пер. с англ. член.--корр. РАН И.~И. Елисеевой},
	address = {М.},
	publisher = {Аудит, ЮНИТИ},
	year = {1997},
	pages = {590},
	language = {russian}
}

@BOOK{Pospelov,
	author = {А.~Н. Аверкин and И.~З. Батыршин and А.~Ф. Блишун and В.~Б. Силов and В.~Б. Тарасов},
	title = {Нечёткие множества в моделях управления и искусственного интеллекта},
	editor = {Д.~А. Поспелова},
	address = {М.},
	publisher = {Наука. Гл. ред. физ.-мат. лит.},
	year = {1986},
	pages = {312},
	language = {russian}
}

@BOOK{Balashov_IPU,
	author = {В.~Г Балашов and А.~Ю. Заложнев and Д.~А. Новиков},
	title = {Механизмы управления организационными проектами},
	address = {M.},
	publisher = {ИПУ РАН},
	year = {2003},
	pages = {84},
	language = {russian}
}

@Book{Ashmanov,
	author = {С.~А. Ашманов},
	title = {Линейное программирование},
	address = {M.},
	publisher = {Наука. Гл. ред. физ.-мат. лит.},
	year = {1981},
	pages = {340},
	language = {russian}
}

@Book{Pegat,
	author = {А. Пегат},
	title = {Нечёткое моделирование и управление: пер. с англ.},
	edition = {2-е},
	address = {M.},
	publisher = {БИНОМ. Лаборатория знаний},
	year = {2013},
	pages = {798},
	language = {russian}
}

@Book{Spesivtsev,
	author = {А.В. Спесивцев},
	title = {Управление рисками чрезвычайных ситуаций на основе формализации экспертной информации},
	editor = {проф. В.~С. Артамонова},
	address = {СПб.},
	publisher = {Изд-во Политехн. ун-та},
	year = {2004},
	pages = {238},
	language = {russian}
}

@Book{Alexeev_Riga,
	author = {А. В. Алексеев},
	title = {Применение нечёткой математики в задачах принятия решений},
	address = {Рига},
	publisher = {Риж. политехн. ин-т},
	year = {1983},
	language = {russian}
}

@Book{MSU_Optimization,
	author = {А.~В. Лотов and И.~И. Поспелова},
	title = {Многокритериальные задачи принятия решений: Учебное пособие},
	address = {M.},
	publisher = {МАКС Пресс},
	year = {2008},
	pages = {197},
	language = {russian}
}

@Book{Bauman_DM,
	author = {Белоусов А.И., Ткачев С.Б},
	title = {Дискретная математика: учеб. для вузов},
	editor = {В.~С. Зарубина and А.~П. Крищенко},
	edition = {3-е},
	address = {M.},
	publisher = {Изд-во МГТУ им. Баумана},
	year = {2004},
	pages = {744},
	language = {russian}
}

@Book{Voevodin,
	author = {В.~В. Воеводин},
	title = {Линейная алгебра},
	address = {M.},
	publisher = {Наука. Главная редакция физико-математической литературы},
	year = {1980},
	pages = {400},
	language = {russian}
}

@Book{Kormen,
	author = {Т.~Х. Кормен and Ч.~И. Лейзерсон and Р.~Л. Ривест and К. Штайн},
	title = {Алгоритмы: построение и анализ: пер. с англ.},
	edition = {2-е},
	address = {M.},
	publisher = {Издательский дом <<Вильямс>>},
	year = {2005},
	pages = {1296},
	language = {russian}
}

@Book{Siler_Buckley,
	author = {W. Siler and J.~J. Buckley},
	title = {Fuzzy expert systems and fuzzy reasoning},
	address = {Hoboken, New Jersey},
	publisher = {John Wiley and Sons, Inc.},
	year = {2005},
	pages = {403},
	language = {english}
}

@Book{Leondes,
	title = {Fuzzy Theory Systems: Techniques and Applicatons},
	editor = {Cornelius T. Leondes},
	address = {London},
	publisher = {ACADEMIC PRESS},
	year = {1999},
	pages = {1777},
	language = {english}
}

@Book{Rotshtein,
	author = {А. П. Ротштейн},
	title = {Интеллектуальные технологии идентификации: нечеткая логика, генетические алгоритмы, нейронные сети},
	address = {Винница},
	publisher = {УНИВЕРСУМ—Винница},
	year = {1999},
	pages = {320},
	language = {russian}
}

@Book{Ibragimov,
	author = {В. А. Ибрагимов},
	title = {Элементы нечёткой математики},
	address = {Баку},
	year = {2010},
	pages = {392},
	url = {http://www.anl.az/el_ru/i/iv_enm.pdf},
	urldate = {2014-12-15},
	language = {russian}
}

@Book{Burkov,
	author = {В. А. Бурков and Д. А. Новиков},
	title = {Элементы теории графов},
	year = {2004},
	pages = {28},
	url = {http://www.mtas.ru/start/t_garf.pdf},
	urldate = {2014-12-15},
	language = {russian}
}

@Book{Batyrshin,
	author = {И. З. Батыршин},
	title = {Основные операции нечёткой логики и их обобщения},
	address = {Казань},
	publisher = {Отечество},
	year = {2001},
	pages = {102},
	language = {russian}
}

@Book{Bellman_Zadeh,
	title = {Вопросы анализа и процедуры принятия решений},
	editor = { к.ф.-м.н. И.Ф. Шахнова},
	address = {М.},
	publisher = {Мир},
	year = {1976},
	pages = {230},
	language = {russian}
}

@Book{Zadeh_LingVar,
	author = {Л. А. Заде},
	title = {Понятие лингвистической переменной и его применение к принятию приближённых решений},
	address = {М.},
	publisher = {Мир},
	year = {1976},
	pages = {165},
	language = {russian}
}

@Book{Zimmermann,
    author = {H.-J. Zimmermann},
    title = {Fuzzy Set Theory and Its applications},
    edition = {3rd},
    address = {New York},
    publisher = {Springer Science+Business Media, LLC},
    year = {1996},
    pages = {400},
    language = {english}
}

@Book{Dubois_Prade,
    author = {Д. Дюбуа and А. Прад},
    title = {Теория возможностей. Приложения к представлению знаний в информатике: Пер. с франц.},
    address = {М.},
    publisher = {Радио и связь},
    year = {1990},
    pages = {288},
    language = {russian}
}

@Book{Shtovba,
    author = {С. Д. Штовба},
    title = {Введение в теорию нечетких множеств и нечеткую логику},
    address = {Винница},
    publisher = {УНИВЕРСУМ Винница},
    year = {2001},
    pages = {756},
    language = {russian}
}

@Book{Lipetsk,
    author = {С. Л. Блюмин and И. А. Шуйкова},
    title = {Модели и методы принятия решений в условиях неопределённости},
    address = {Липецк},
    publisher = {ЛЭГИ},
    year = {2001},
    pages = {138},
    language = {russian}
}

@Book{Hanss,
    author = {M. Hanss},
    title = {Applied Fuzzy Arithmetic: An Introduction with Engineering Applications},
    address = {Netherlands},
    publisher = {Springer},
    year = {2005},
    pages = {256},
    language = {english}
}

@Book{Fuller,
    author = {R. Fuller},
    title = {Neural Fuzzy Systems},
    address = {Abo},
    year = {1995},
    pages = {346},
    url = {http://uni-obuda.hu/users/fuller.robert/ln1.pdf},
    urldate = {2014-12-29},
    language = {english}
}

@Book{Liu_Fuzzy_Programming,
    author = {Б. Лю},
    title = {Теория и практика неопределённого программирования: Пер. с англ.},
    address = {М.},
    publisher = {БИНОМ, Лаборатория знаний},
    year = {2005},
    pages = {416},
    language = {russian}
}

@Book{Uskov_Kuzmin,
    author = {А. А. Усков and А. В. Кузьмин},
    title = {Интеллектуальные технологии управления. Искусственные нейронные сети и нечёткая логика},
    address = {М.},
    publisher = {Горячая Линия--Телеком},
    year = {2004},
    pages = {143},
    language = {russian}
}

@Book{Uskov_Kruglov,
    author = {А. А. Усков and В. В. Круглов},
    title = {Интеллектуальные системы управления на основе методов нечёткой логики},
    address = {Смоленск},
    publisher = {Смоленская городская типография},
    year = {2003},
    pages = {177},
    language = {russian}
}

@Book{Ryzhov,
    author = {А. П. Рыжов},
    title = {Элементы теории нечётких множеств и её приложений},
    address = {М.},
    year = {2003},
    pages = {80},
    url = {http://intsys.msu.ru/staff/ryzhov/FuzzySetsTheory&Applications.pdf},
    urldate = {2014-12-29},
    language = {russian}
}

@Book{Hybrid_Systems,
    author = {И. З. Батыршин and А. О. Недосекин and А. А. Стецко and В. Б. Тарасов and А. В. Язенин and Н. Г. Ярушкина},
    title = {Нечёткие гибридные системы. Теория и практика},
    editor = {Н. Г. Ярушкиной},
    address = {М.},
    publisher = {ФИЗМАТЛИТ},
    year = {2007},
    pages = {208},
    language = {russian}
}

@Book{Borisov_Fedulov_Arithmetics,
    author = {В. В. Борисов and А. С. Федулов and М. М. Зернов},
    title = {Основы нечёткой арифметики: учебное пособие для вузов},
    address = {М.},
    publisher = {Горячая Линия--Телеком},
    year = {2014},
    pages = {98},
    language = {russian}
}

%%% http://www.aup.ru/books/m162/1_6.htm
@Book{Orlov_Statistics,
    author = {А. И. Орлов},
    title = {Нечисловая статистика},
    address = {М.},
    publisher = {МЗ-Пресс},
    year = {2004},
    pages = {513},
    language = {russian}
}

@Book{Commutative_Algebra,
    author = {J. N. Mordeson and D. S. Malik},
    title = {Fuzzy Commutative Algebra},
    address = {Singapore},
    publisher = {World Scientific Publishing},
    year = {1998},
    pages = {424},
    language = {english}
}

@Book{Pavlov_Sokolov,
    author = {А. Н. Павлов and Б. В. Соколов},
    title = {Принятие решений в условиях нечёткой информации: учебное пособие},
    address = {СПб.},
    publisher = {ГУАП},
    year = {2006},
    pages = {72},
    language = {russian}
}

@Book{Zak,
    author = {Ю. А. Зак},
    title = {Принятие решений в условиях нечётких и размытых данных: Fuzzy-технологии},
    address = {М.},
    publisher = {Книжный дом <<ЛИБРОКОМ>>},
    year = {2013},
    pages = {352},
    language = {russian}
}

@Book{Yarushkina,
    author = {Н. Г. Ярушкина},
    title = {Основы теории нечётких и гибридных систем: учебное пособие},
    address = {М.},
    publisher = {Финансы и статистика},
    year = {2004},
    pages = {320},
    language = {russian}
}

@Book{Yager_Book,
    title = {Нечёткие множества и теория возможностей. Последние достижения: пер. с англ.},
    editor = {Р. Р. Ягера},
    address = {М.},
    publisher = {Радио и связь},
    year = {1986},
    pages = {408},
    language = {russian}
}

@Book{Ukhobotov_Book,
    author = {В. И. Ухоботов},
    title = {Введение в теорию нечётких множеств и её приложения: учебное пособие},
    address = {Челябинск},
    publisher = {УрСЭИ АТ и СО},
    year = {2005},
    pages = {133},
    language = {russian}
}

@Book{Ukhobotov_Chosen,
    author = {В. И. Ухоботов},
    title = {Избранные главы теории нечётких множеств: учебное пособие},
    address = {Челябинск},
    publisher = {Издательство Челябинского государственного университета},
    year = {2011},
    pages = {245},
    language = {russian}
}

@Book{Graph_Redbook,
    author = {В. Н. Касьянов and В. А. Евстигнеев},
    title = {Графы в программировании: обработка, визуализация и применение},
    address = {СПб.},
    publisher = {БХВ-Петербург},
    year = {2003},
    pages = {1104},
    language = {russian}
}

@Book{Basaker_Saati,
    author = {Р. Басакер and Т. Саати},
    title = {Конечные графы и сети: пер. с англ.},
    editor = {А. И. Теймана},
    address = {М.},
    publisher = {Наука, главная редакция физико-математической литературы},
    year = {1973},
    pages = {368},
    language = {russian}
}

%%%%%%%%%%%%%%%%%%%%%%%%%%%%%%% CONFERENCES %%%%%%%%%%%%%%%%%%%%%%%%%%%%%%%%%%%%%%

@CONFERENCE{Piter_SCM,
	author = {А. В. Спесивцев and А. В. Дроздов and И. Т. Кимяев},
	title = {Обобщение дополнительных арифметических операций над нечёткими числами LR-типа},
	booktitle = {SCM-2011, Saint-Petersburg, 23-25 June 2011.},
	address = {СПб.},
	year = {2011},
	language = {russian}
}

@CONFERENCE{PMTYMM,
	author = {Я. А. Воронцов and М. Г. Матвеев},
	title = {Информационные технологии управления проектами в условиях расплывчатой неопределённости},
	booktitle = {Современные проблемы прикладной математики, теории управления и математического моделирования: материалы V международной конференции. Воронеж, 11-16 сентября 2012 г. Дополнительный выпуск.},
	address = {Воронеж},
	publisher = {Издательско-полиграфический центр Воронежского государственного университета},
	year = {2012},
	pages = {8--10},
	language = {russian}
}

@CONFERENCE{VSU-1,
	author = {Я. А. Воронцов and М. Г. Матвеев},
	title = {Исследование свойств линейного отображения в задачах с нечёткими параметрами},
	booktitle = {Информатика: проблемы, методология, технологии: материалы XIII научно-методической конференции. 7--8 февраля 2013 г.: в 4 т},
	address = {Воронеж},
	publisher = {Издательско-полиграфический центр ВГУ},
	volume = {1},
	year = {2013},
	pages = {298--304},
	language = {russian}
}

@CONFERENCE{VSU-2,
	author = {Я. А. Воронцов and М. Г. Матвеев},
	title = {Постановка задачи об устойчивости альфа-уровневого метода поиска нечёткого критического пути},
	booktitle = {Информатика: проблемы, методология, технологии: материалы XIV Международной научно-методической конференции, Воронеж, 6--8 февраля 2014 г.: в 4 т},
	address = {Воронеж},
	publisher = {Издательский дом ВГУ},
	year = {2014},
	volume = {2},
	pages = {360--363},
	language = {russian}
}

@CONFERENCE{VSU-5y,
	author = {Я. А. Воронцов and М. Г. Матвеев},
	title = {Разработка информационных технологий и средства управления проектами в условиях расплывчатой неопределённости},
	booktitle = {Сборник студенческих научных работ факультета компьютерных наук ВГУ},
	editor = {к.ф.-м.н. Е. А. Сирота},
	address = {Воронеж},
	publisher = {Издательско-полиграфический центр ВГУ},
	year = {2012},
	pages = {30--35},
	language = {russian}
}

@CONFERENCE{Alushta-1,
	author = {Я. А. Воронцов and М. Г. Матвеев},
	title = {Влияние преобразования L на результаты арифметических операций с нечёткими LR-числами},
	booktitle = {Сборник трудов XXII международного научно-технического семинара <<Современные технологии в задачах управления, автоматики и обработки информации>>, Алушта, 18--24 сентября 2013 г.},
	address = {М.},
	publisher = {Изд-во МГУПИ},
	year = {2013},
	pages = {14--15},
	language = {russian}
}

@CONFERENCE{Alushta-2,
	author = {Я. А. Воронцов and М. Г. Матвеев},
	title = {Устойчивость критического пути в задаче сетевого планирования с нечёткими параметрами},
	booktitle = {Сборник трудов XXIII международного научно-технического семинара <<Современные технологии в задачах управления, автоматики и обработки информации>>, Алушта, 14--20 сентября 2014 г.},
	address = {М.},
	publisher = {ИКД <<Зерцало-М>>},
	year = {2014},
	pages = {73--74},
	language = {russian}
}

@CONFERENCE{MEI-1,
	author = {Я. А. Воронцов and М. Г. Матвеев},
	title = {Способ решения нечёткой задачи КСПУ с использованием преобразования L},
	booktitle = {Радиоэлектроника, электротехника и энергетика: двадцатая международная научно--техническая конференция студентов и аспирантов: тезисы докладов. Москва, 27--28 февраля 2014 г.: в 4 т.},
	address = {М.},
	publisher = {Издательский дом МЭИ},
	volume = {2},
	year = {2014},
	pages = {58},
	language = {russian}
}

@Conference{Max_Min_Points,
    author = {S. Abbasbandy and T. Allahviranloo and S. Salahshour},
    title = {Ranking fuzzy numbers using fuzzy maximizing-minimizing points},
    booktitle = {Proceedings of the 7th conference of the European Society for Fuzzy Logic and Technology (EUSFLAT-1022) and LFA-2011},
    publisher = {Atlantis Press},
    year = {2011},
    pages = {763--769},
    language = {english}
}

@Conference{Uskov_Hypercomplex,
    author = {А. А. Усков},
    title = {Арифметика LR-нечётких и гиперкомплексных чисел},
    booktitle = {Информатика, математическое моделирование, экономика: Сборник научных статей по итогам Четвёртой международной научно-практической конференции, г. Смоленск, 23--25 апреля 2014 г. В 2-х томах},
    address = {Смоленск},
    publisher = {Смоленский филиал Российского университета кооперации},
    volume = {1},
    year = {2014},
    pages = {230--235},
    language = {russian}
}

@Conference{Philosophy_Fuzzy_Structures,
    author = {А. С. Карпенко and В. И. Шалак},
    title = {Минимальные модели для нечеткой алгебры типа 2},
    booktitle = {Труды научно-исследовательского семинара логического центра института философии РАН},
    address = {М.},
    year = {1997},
    url = {http://philosophy.ru/iphras/library/log/11/s9603kar.html},
    urldate = {2014-12-29},
    language = {russian}
}

@Conference{Matveev_PIIT_2011,
    author = {М. Г. Матвеев},
    title = {Метод решения задачи нечеткого математического программирования},
    booktitle = {Информатика: проблемы, методология, технологии: материалы XI Международной научно-методической конференции, Воронеж, 10--11 февраля 2011 г.: в 3 т},
	address = {Воронеж},
	publisher = {Издательский дом ВГУ},
    year = {2011},
    volume = {2},
    pages = {24--26},
    language = {russian}
}

@Conference{Hanss_Strict_Arithmetic,
    author = {M. Hanss},
    title = {A Nearly Strict Fuzzy Arithmetic for Solving Problens with Uncertanties},
    booktitle = {Proceedings of the 19th International Conference of the North American Fuzzy Information Processing Society~--- NAFIPS 2000},
    year = {2000},
    pages = {439--443},
    language = {english}
}

@Conference{Hanss_Engineering,
    author = {M. Hanss},
    title = {On the Implementation of Fuzzy Arithmetical Operations for Engineering problems},
    booktitle = {Proceedings of the 18th International Conference of the North American Fuzzy Information Processing Society~--- NAFIPS--99},
    year = {1999},
    pages = {462--466},
    language = {english}
}

@Conference{Kosinski,
    author = {W. Kosinski},
    title = {Calculation and reasoning with ordered fuzzy numbers},
    booktitle = {Proceedings of the 1st conference of the European Society for Fuzzy Logic and Technology (EUSFLAT) and LFA-2005},
    publisher = {Atlantis Press},
    pages = {412--417},
    year = {2005},
    language = {english}
}

@Conference{Kreinovich_100plus1,
    author = {V. Kreinovich and H. T. Nguyen and W. Pedrycz},
    title = {How to Make Sure That <<approximately 100>> + 1 Is <<approximately 100>> in Fuzzy Arithmetic: Solution and Its (Inevitable) Drawbacks},
    booktitle = {Proceedings of the Joint 9th World Congress of the International Fuzzy Systems Association and 20th International Conference of the North American Fuzzy Information Processing Society IFSA/NAFIPS 2001, Vancouver, Canada, July 25-28, 2001},
    pages = {1653--1658},
    year = {2001},
    language = {english}
}

%%%%%%%%%%%%%%%%%%%%%%%%%%%%%%% ONLINE %%%%%%%%%%%%%%%%%%%%%%%%%%%%%%%%%%%%%%

@ONLINE{Choice_Languages,
	author = {Е. Н. Живицкая},
	title = {Системный анализ и проектирование: курс лекций. Лекция 12: Языки описания выбора},
	url = {http://victor-safronov.narod.ru/systems-analysis/lectures/zhivickaya/14.html},
	urldate = {2014-12-15},
	language = {russian}
}

@ONLINE{Grinyaev_Computerra,
	author = {С. Гриняев},
	title = {Нечёткая логика в системах управления},
	url = {http://old.computerra.ru/offline/2001/415/13052/print.html},
	urldate = {2014-12-19},
	language = {russian}	
}

@ONLINE{Bauer_Winkler,
	author = {P. Bauer, S. Nouak, R. Winkler},
	title = {A brief course in Fuzzy Logic and Fuzzy Control},
	url = {http://www.esru.strath.ac.uk/Reference/concepts/fuzzy/fuzzy.htm},
	urldate = {2014-12-19},
	language = {english}
}

@Online{Zielinski_Preprint,
    author = {P. Zielinski},
    title = {On computing the latest starting times and floats of activities in a network with imprecise durations},
    url = {http://prac.im.pwr.edu.pl/~pziel/publications/reports/fss2.pdf},
    urldate = {2014-12-29},
    language = {english}
}

@Online{QuickGraph_Codeplex,
    title = {QuickGraph, Graph Data Structures And Algorithms for .NET},
    url = {http://quickgraph.codeplex.com/},
    urldate = {2015-01-04},
    language = {english}
}

@Online{QuickGraph_CodeProject,
    author = {J. de Halleux},
    title = {QuickGraph: A 100\% C\# graph library with Graphviz Support},
    url = {http://www.codeproject.com/Articles/5603/QuickGraph-A-100-C-graph-library-with-Graphviz-Sup},
    urldate = {2015-01-04},
    language = {english}
}

@Online{NetworkView_CodeProject,
    author = {A. Davis},
    title = {NetworkView: A WPF custom control for visualizing and editing networks, graphs and flow-charts},
    url = {http://www.codeproject.com/Articles/182683/NetworkView-A-WPF-custom-control-for-visualizing-a},
    urldate = {2015-01-04},
    language = {english}
}

@Online{Serbia_Algebras,
    author = {R. Madarasz},
    title = {Algebras of Fuzzy Sets},
    url = {http://www.math.sk/fsta2012/presentations/madarasz.pdf},
    urldate = {2015-01-04},
    language = {english}
}

@Online{Bocharnkinov_Ukraine,
    author = {В. Бочарников and С. Свешников},
    title = {Алгоритм арифметических операций с нечеткими числовыми
данными},
    url = {http://sveshnikovsv.socionet.ru/files/FuzzyArifmethic_Rus.pdf},
    urldate = {2015-01-04},
    language = {russian}
}

%%%%%%%%%%%%%%%%%%%%%%%%% THESIS %%%%%%%%%%%%%%%%%%%%%%%%%%%%%%%%%%%%%%%%

@Thesis{PhD_Starodubtsev,
    author = {И. Ю. Стародубцев},
    title = {Модели и методы многоцелевых задач сетевого планирования в условиях нечеткой неопределенности продолжительностей операций},
    type = {Автореферат диссертации на соискание учёной степени кандидата физико-математических наук},
    number = {05.13.18~--- математическое моделирование, численные методы, комплексы программ},
    school = {Воронежский государственный университет},
    year = {2012},
    language = {russian}
}

@Thesis{PhD_Egypt,
    author = {F. El-Sayed Mohammed Fares},
    title = {Fuzzy algebra},
    type = {Thesis submitted in partial fulfillment of the requirements for the degree of doctor of philosophy in Engineering Mathematics and Physics},
    school = {Zagazig University},
    year = {2006},
    language = {english}
}