@article{Vorontsov_PI,
	Author = {Я.~А. Воронцов and М.~Г. Матвеев},
	Journal = {Программная инженерия},
	Language = {russian},
	Number = {8},
	Pages = {23--29},
	Title = {Алгебраические операции с нечеткими LR-числами с использованием преобразования L},
	Year = {2014}
}

@article{Vorontsov_Compare,
	Author = {Я.~А. Воронцов and М.~Г. Матвеев},
	Journal = {Вестник ВГУ, серия <<Системный анализ и информационные технологии>>},
	Language = {russian},
	Number = {2},
	Pages = {90--97},
	Title = {Методы параметризованного сравнения нечётких треугольных и трапециевидных чисел},
	Year = {2014}
}

@article{Vorontsov_VSTU,
	Author = {Я.~А. Воронцов and М.~Г. Матвеев},
	Journal = {Вестник ВГТУ},
	Language = {russian},
	Number = {7},
	Pages = {90--97},
	Title = {Устойчивость решения в задаче о критическом пути с нечёткими параметрами},
	Year = {2014}
}

@article{Kanischeva,
	Author = {Я.~А. Воронцов and М.~Г. Матвеев and О.~И. Канищева},
	Journal = {Вестник ВГУ, серия <<Системный анализ и информационные технологии>>},
	Language = {russian},
	Number = {2},
	Pages = {75--82},
	Title = {Aрифметические операции над двухкомпонентными нечёткими числами},
	Year = {2014}
}

@conference{Alushta-1,
	Address = {М.},
	Author = {Я. А. Воронцов and М. Г. Матвеев},
	Booktitle = {Сборник трудов XXII международного научно-технического семинара <<Современные технологии в задачах управления, автоматики и обработки информации>>, Алушта, 18--24 сентября 2013 г.},
	Language = {russian},
	Pages = {14--15},
	Publisher = {Изд-во МГУПИ},
	Title = {Влияние преобразования L на результаты арифметических операций с нечёткими LR-числами},
	Year = {2013}
}

@conference{Alushta-2,
	Address = {М.},
	Author = {Я. А. Воронцов and М. Г. Матвеев},
	Booktitle = {Сборник трудов XXIII международного научно-технического семинара <<Современные технологии в задачах управления, автоматики и обработки информации>>, Алушта, 14--20 сентября 2014 г.},
	Language = {russian},
	Pages = {73--74},
	Publisher = {ИКД <<Зерцало-М>>},
	Title = {Устойчивость критического пути в задаче сетевого планирования с нечёткими параметрами},
	Year = {2014}
}

@conference{PMTYMM,
	Address = {Воронеж},
	Author = {Я. А. Воронцов and М. Г. Матвеев},
	Booktitle = {Современные проблемы прикладной математики, теории управления и математического моделирования: материалы V международной конференции. Воронеж, 11-16 сентября 2012 г. Дополнительный выпуск.},
	Language = {russian},
	Pages = {8--10},
	Publisher = {Издательско-полиграфический центр Воронежского государственного университета},
	Title = {Информационные технологии управления проектами в условиях расплывчатой неопределённости},
	Year = {2012}
}

@conference{VSU-1,
	Address = {Воронеж},
	Author = {Я. А. Воронцов and М. Г. Матвеев},
	Booktitle = {Информатика: проблемы, методология, технологии: материалы XIII научно-методической конференции. 7--8 февраля 2013 г.: в 4 т},
	Language = {russian},
	Pages = {298--304},
	Publisher = {Издательско-полиграфический центр ВГУ},
	Title = {Исследование свойств линейного отображения в задачах с нечёткими параметрами},
	Volume = {1},
	Year = {2013}
}

@conference{VSU-2,
	Address = {Воронеж},
	Author = {Я. А. Воронцов and М. Г. Матвеев},
	Booktitle = {Информатика: проблемы, методология, технологии: материалы XIV Международной научно-методической конференции, Воронеж, 6--8 февраля 2014 г.: в 4 т},
	Language = {russian},
	Pages = {360--363},
	Publisher = {Издательский дом ВГУ},
	Title = {Постановка задачи об устойчивости альфа-уровневого метода поиска нечёткого критического пути},
	Volume = {2},
	Year = {2014}
}

@conference{VSU-5y,
	Address = {Воронеж},
	Author = {Я. А. Воронцов and М. Г. Матвеев},
	Booktitle = {Сборник студенческих научных работ факультета компьютерных наук ВГУ},
	Editor = {к.ф.-м.н. Е. А. Сирота},
	Language = {russian},
	Pages = {30--35},
	Publisher = {Издательско-полиграфический центр ВГУ},
	Title = {Разработка информационных технологий и средства управления проектами в условиях расплывчатой неопределённости},
	Year = {2012}
}

@conference{MEI-1,
	Address = {М.},
	Author = {Я. А. Воронцов and М. Г. Матвеев},
	Booktitle = {Радиоэлектроника, электротехника и энергетика: двадцатая международная научно--техническая конференция студентов и аспирантов: тезисы докладов. Москва, 27--28 февраля 2014 г.: в 4 т.},
	Language = {russian},
	Pages = {58},
	Publisher = {Издательский дом МЭИ},
	Title = {Способ решения нечёткой задачи КСПУ с использованием преобразования L},
	Volume = {2},
	Year = {2014}
}




